
@article{cati,
    author  = "Dinh, Marc and Fischer, Stephan and Goelzer, Anne",
    title   = "{CATI MIAGO}: comparing algorithms for Gillespie based simulations",
    year    = "2016",
}